{
  "ticker": "AMZN",
  "cik": "0001018724",
  "source": "sec_companyfacts",
  "schema_version": 4,
  "fetched_at": "2026-02-13T16:33:20.481909",
  "periods": {
    "2018_Q3": {
      "revenue": 56576000000.0,
      "net_income": 2883000000.0,
      "operating_income": 3724000000.0,
      "eps_basic": 5.91,
      "eps_diluted": 5.75,
      "cost_of_revenue": 33003000000.0,
      "operating_cash_flow": 8588000000.0,
      "cash_and_marketable_securities": 29765000000.0,
      "total_debt": 24785000000.0,
      "net_cash": 4980000000.0
    },
    "2019_Q1": {
      "revenue": 59700000000.0,
      "net_income": 3561000000.0,
      "operating_income": 4420000000.0,
      "eps_basic": 7.24,
      "eps_diluted": 7.09,
      "cost_of_revenue": 33920000000.0,
      "operating_cash_flow": 1846000000.0,
      "cash_and_marketable_securities": 37020000000.0,
      "total_debt": 23423000000.0,
      "net_cash": 13597000000.0
    },
    "2019_Q2": {
      "revenue": 63404000000.0,
      "net_income": 2625000000.0,
      "operating_income": 3084000000.0,
      "eps_basic": 5.32,
      "eps_diluted": 5.22,
      "cost_of_revenue": 36337000000.0,
      "operating_cash_flow": 9118000000.0,
      "cash_and_marketable_securities": 41463000000.0,
      "total_debt": 23430000000.0,
      "net_cash": 18033000000.0
    },
    "2019_Q3": {
      "revenue": 69981000000.0,
      "net_income": 2134000000.0,
      "operating_income": 3157000000.0,
      "eps_basic": 4.31,
      "eps_diluted": 4.23,
      "cost_of_revenue": 41302000000.0,
      "operating_cash_flow": 7892000000.0,
      "cash_and_marketable_securities": 43401000000.0,
      "total_debt": 22570000000.0,
      "net_cash": 20831000000.0
    },
    "2020_Q1": {
      "revenue": 75452000000.0,
      "net_income": 2535000000.0,
      "operating_income": 3989000000.0,
      "eps_basic": 5.09,
      "eps_diluted": 5.01,
      "cost_of_revenue": 44257000000.0,
      "operating_cash_flow": 3064000000.0,
      "cash_and_marketable_securities": 49292000000.0,
      "total_debt": 23538000000.0,
      "net_cash": 25754000000.0
    },
    "2020_Q2": {
      "revenue": 88912000000.0,
      "net_income": 5243000000.0,
      "operating_income": 5843000000.0,
      "eps_basic": 10.5,
      "eps_diluted": 10.3,
      "cost_of_revenue": 52660000000.0,
      "operating_cash_flow": 20606000000.0,
      "cash_and_marketable_securities": 71391000000.0,
      "total_debt": 33128000000.0,
      "net_cash": 38263000000.0
    },
    "2020_Q3": {
      "revenue": 96145000000.0,
      "net_income": 6331000000.0,
      "operating_income": 6194000000.0,
      "eps_basic": 12.63,
      "eps_diluted": 12.37,
      "cost_of_revenue": 57106000000.0,
      "operating_cash_flow": 11964000000.0,
      "cash_and_marketable_securities": 68402000000.0,
      "total_debt": 32929000000.0,
      "net_cash": 35473000000.0
    },
    "2021_Q1": {
      "revenue": 108518000000.0,
      "net_income": 8107000000.0,
      "operating_income": 8865000000.0,
      "eps_basic": 16.09,
      "eps_diluted": 15.79,
      "cost_of_revenue": 62403000000.0,
      "operating_cash_flow": 4213000000.0,
      "cash_and_marketable_securities": 73270000000.0,
      "total_debt": 31868000000.0,
      "net_cash": 41402000000.0
    },
    "2021_Q2": {
      "revenue": 113080000000.0,
      "net_income": 7778000000.0,
      "operating_income": 7702000000.0,
      "eps_basic": 15.4,
      "eps_diluted": 15.12,
      "cost_of_revenue": 64176000000.0,
      "operating_cash_flow": 12715000000.0,
      "cash_and_marketable_securities": 89894000000.0,
      "total_debt": 50279000000.0,
      "net_cash": 39615000000.0
    },
    "2021_Q3": {
      "revenue": 110812000000.0,
      "net_income": 3156000000.0,
      "operating_income": 4852000000.0,
      "eps_basic": 6.23,
      "eps_diluted": 6.12,
      "cost_of_revenue": 62930000000.0,
      "operating_cash_flow": 7313000000.0,
      "cash_and_marketable_securities": 78988000000.0,
      "total_debt": 50055000000.0,
      "net_cash": 28933000000.0
    },
    "2022_Q1": {
      "revenue": 116444000000.0,
      "net_income": -3844000000.0,
      "operating_income": 3669000000.0,
      "eps_basic": -7.56,
      "eps_diluted": -7.56,
      "cost_of_revenue": 66499000000.0,
      "operating_cash_flow": -2790000000.0,
      "cash_and_marketable_securities": 66385000000.0,
      "total_debt": 47556000000.0,
      "net_cash": 18829000000.0
    },
    "2022_Q2": {
      "revenue": 121234000000.0,
      "net_income": -2028000000.0,
      "operating_income": 3317000000.0,
      "eps_basic": -0.2,
      "eps_diluted": -0.2,
      "cost_of_revenue": 66424000000.0,
      "operating_cash_flow": 8965000000.0,
      "cash_and_marketable_securities": 60710000000.0,
      "total_debt": 58053000000.0,
      "net_cash": 2657000000.0
    },
    "2022_Q3": {
      "revenue": 127101000000.0,
      "net_income": 2872000000.0,
      "operating_income": 2525000000.0,
      "eps_basic": 0.28,
      "eps_diluted": 0.28,
      "cost_of_revenue": 70268000000.0,
      "operating_cash_flow": 11404000000.0,
      "cash_and_marketable_securities": 58662000000.0,
      "total_debt": 58919000000.0,
      "net_cash": -257000000.0
    },
    "2023_Q1": {
      "revenue": 127358000000.0,
      "net_income": 3172000000.0,
      "operating_income": 4774000000.0,
      "eps_basic": 0.31,
      "eps_diluted": 0.31,
      "cost_of_revenue": 67791000000.0,
      "operating_cash_flow": 4788000000.0,
      "cash_and_marketable_securities": 64405000000.0,
      "total_debt": 67084000000.0,
      "net_cash": -2679000000.0
    },
    "2023_Q2": {
      "revenue": 134383000000.0,
      "net_income": 6750000000.0,
      "operating_income": 7681000000.0,
      "eps_basic": 0.66,
      "eps_diluted": 0.65,
      "cost_of_revenue": 69373000000.0,
      "operating_cash_flow": 16476000000.0,
      "cash_and_marketable_securities": 63970000000.0,
      "total_debt": 63092000000.0,
      "net_cash": 878000000.0
    },
    "2023_Q3": {
      "revenue": 143083000000.0,
      "net_income": 9879000000.0,
      "operating_income": 11188000000.0,
      "eps_basic": 0.96,
      "eps_diluted": 0.94,
      "cost_of_revenue": 75022000000.0,
      "operating_cash_flow": 21217000000.0,
      "cash_and_marketable_securities": 64169000000.0,
      "total_debt": 61098000000.0,
      "net_cash": 3071000000.0
    },
    "2024_Q1": {
      "revenue": 143313000000.0,
      "net_income": 10431000000.0,
      "operating_income": 15307000000.0,
      "eps_basic": 1.0,
      "eps_diluted": 0.98,
      "cost_of_revenue": 72633000000.0,
      "operating_cash_flow": 18989000000.0,
      "cash_and_marketable_securities": 85074000000.0,
      "total_debt": 57634000000.0,
      "net_cash": 27440000000.0
    },
    "2024_Q2": {
      "revenue": 147977000000.0,
      "net_income": 13485000000.0,
      "operating_income": 14672000000.0,
      "eps_basic": 1.29,
      "eps_diluted": 1.26,
      "cost_of_revenue": 73785000000.0,
      "operating_cash_flow": 25281000000.0,
      "cash_and_marketable_securities": 89092000000.0,
      "total_debt": 54889000000.0,
      "net_cash": 34203000000.0
    },
    "2024_Q3": {
      "revenue": 158877000000.0,
      "net_income": 15328000000.0,
      "operating_income": 17411000000.0,
      "eps_basic": 1.46,
      "eps_diluted": 1.43,
      "cost_of_revenue": 80977000000.0,
      "operating_cash_flow": 25971000000.0,
      "cash_and_marketable_securities": 88051000000.0,
      "total_debt": 54890000000.0,
      "net_cash": 33161000000.0
    },
    "2025_Q1": {
      "revenue": 155667000000.0,
      "net_income": 17127000000.0,
      "operating_income": 18405000000.0,
      "eps_basic": 1.62,
      "eps_diluted": 1.59,
      "cost_of_revenue": 76976000000.0,
      "operating_cash_flow": 17015000000.0,
      "cash_and_marketable_securities": 94565000000.0,
      "total_debt": 53374000000.0,
      "net_cash": 41191000000.0
    },
    "2025_Q2": {
      "revenue": 167702000000.0,
      "net_income": 18164000000.0,
      "operating_income": 19171000000.0,
      "eps_basic": 1.71,
      "eps_diluted": 1.68,
      "cost_of_revenue": 80809000000.0,
      "operating_cash_flow": 32515000000.0,
      "cash_and_marketable_securities": 93180000000.0,
      "total_debt": 50718000000.0,
      "net_cash": 42462000000.0
    },
    "2025_Q3": {
      "revenue": 180169000000.0,
      "net_income": 21187000000.0,
      "operating_income": 17422000000.0,
      "eps_basic": 1.98,
      "eps_diluted": 1.95,
      "cost_of_revenue": 88670000000.0,
      "operating_cash_flow": 35525000000.0,
      "cash_and_marketable_securities": 94197000000.0,
      "total_debt": 50742000000.0,
      "net_cash": 43455000000.0
    },
    "2019_Q4": {
      "revenue": -105648000000.0,
      "net_income": -5052000000.0,
      "operating_income": -6782000000.0,
      "eps_basic": -10.290000000000001,
      "eps_diluted": -10.07,
      "cost_of_revenue": 53977000000.0,
      "operating_cash_flow": 19658000000.0
    },
    "2020_Q4": {
      "revenue": -134954000000.0,
      "net_income": -6887000000.0,
      "operating_income": -9153000000.0,
      "eps_basic": -13.839999999999998,
      "eps_diluted": -13.59,
      "cost_of_revenue": 79284000000.0,
      "operating_cash_flow": 30430000000.0
    },
    "2021_Q4": {
      "revenue": 137412000000.0,
      "net_income": 14323000000.0,
      "operating_income": 3460000000.0,
      "eps_basic": 28.239999999999995,
      "eps_diluted": 27.78000000000001,
      "cost_of_revenue": 82835000000.0,
      "operating_cash_flow": 22086000000.0
    },
    "2022_Q4": {
      "revenue": 149204000000.0,
      "net_income": 278000000.0,
      "operating_income": 2737000000.0,
      "eps_basic": 7.209999999999999,
      "eps_diluted": 7.209999999999999,
      "cost_of_revenue": 85640000000.0,
      "operating_cash_flow": 29173000000.0
    },
    "2023_Q4": {
      "revenue": 169961000000.0,
      "net_income": 10624000000.0,
      "operating_income": 13209000000.0,
      "eps_basic": 1.0200000000000002,
      "eps_diluted": 1.0,
      "cost_of_revenue": 92553000000.0,
      "operating_cash_flow": 42465000000.0
    },
    "2024_Q4": {
      "revenue": 187792000000.0,
      "net_income": 20004000000.0,
      "operating_income": 21203000000.0,
      "eps_basic": 1.9100000000000001,
      "eps_diluted": 1.8600000000000003,
      "cost_of_revenue": 98893000000.0,
      "operating_cash_flow": 45636000000.0
    },
    "2025_Q4": {
      "revenue": 213386000000.0,
      "net_income": 21192000000.0,
      "operating_income": 24977000000.0,
      "eps_basic": 1.9799999999999995,
      "eps_diluted": 1.9500000000000002,
      "cost_of_revenue": 109959000000.0,
      "operating_cash_flow": 54459000000.0
    },
    "2009_Q2": {
      "net_income": 142000000.0,
      "gross_profit": 1133000000.0,
      "operating_income": 159000000.0,
      "eps_basic": 0.33,
      "eps_diluted": 0.32,
      "cost_of_revenue": 3518000000.0,
      "operating_expenses": 974000000.0,
      "operating_cash_flow": 468000000.0,
      "capital_expenditure": 78000000.0,
      "cash_and_marketable_securities": 3212000000.0,
      "free_cash_flow": 390000000.0
    },
    "2009_Q3": {
      "net_income": 199000000.0,
      "gross_profit": 1273000000.0,
      "operating_income": 251000000.0,
      "eps_basic": 0.46,
      "eps_diluted": 0.45,
      "cost_of_revenue": 4176000000.0,
      "operating_expenses": 1022000000.0,
      "operating_cash_flow": 799000000.0,
      "capital_expenditure": 103000000.0,
      "cash_and_marketable_securities": 4001000000.0,
      "free_cash_flow": 696000000.0
    },
    "2010_Q1": {
      "net_income": 299000000.0,
      "operating_income": 394000000.0,
      "eps_basic": 0.67,
      "eps_diluted": 0.66,
      "cost_of_revenue": 5501000000.0,
      "operating_expenses": 6737000000.0,
      "operating_cash_flow": -1098000000.0,
      "capital_expenditure": 140000000.0,
      "cash_and_marketable_securities": 5063000000.0,
      "free_cash_flow": -1238000000.0
    },
    "2010_Q2": {
      "net_income": 207000000.0,
      "operating_income": 270000000.0,
      "eps_basic": 0.46,
      "eps_diluted": 0.45,
      "cost_of_revenue": 4957000000.0,
      "operating_expenses": 6296000000.0,
      "operating_cash_flow": 250000000.0,
      "capital_expenditure": 196000000.0,
      "cash_and_marketable_securities": 5108000000.0,
      "free_cash_flow": 54000000.0
    },
    "2010_Q3": {
      "net_income": 231000000.0,
      "operating_income": 268000000.0,
      "eps_basic": 0.51,
      "eps_diluted": 0.51,
      "cost_of_revenue": 5786000000.0,
      "operating_expenses": 7292000000.0,
      "operating_cash_flow": 855000000.0,
      "capital_expenditure": 315000000.0,
      "cash_and_marketable_securities": 5885000000.0,
      "free_cash_flow": 540000000.0
    },
    "2011_Q1": {
      "net_income": 201000000.0,
      "operating_income": 322000000.0,
      "eps_basic": 0.44,
      "eps_diluted": 0.44,
      "cost_of_revenue": 7608000000.0,
      "operating_cash_flow": -1586000000.0,
      "capital_expenditure": 298000000.0,
      "cash_and_marketable_securities": 6881000000.0,
      "free_cash_flow": -1884000000.0
    },
    "2011_Q2": {
      "net_income": 191000000.0,
      "operating_income": 201000000.0,
      "eps_basic": 0.42,
      "eps_diluted": 0.41,
      "cost_of_revenue": 7525000000.0,
      "operating_cash_flow": 423000000.0,
      "capital_expenditure": 433000000.0,
      "cash_and_marketable_securities": 6355000000.0,
      "free_cash_flow": -10000000.0
    },
    "2011_Q3": {
      "net_income": 63000000.0,
      "operating_income": 79000000.0,
      "eps_basic": 0.14,
      "eps_diluted": 0.14,
      "cost_of_revenue": 8325000000.0,
      "operating_cash_flow": 797000000.0,
      "capital_expenditure": 529000000.0,
      "cash_and_marketable_securities": 6326000000.0,
      "free_cash_flow": 268000000.0
    },
    "2012_Q1": {
      "net_income": 130000000.0,
      "operating_income": 192000000.0,
      "eps_basic": 0.29,
      "eps_diluted": 0.28,
      "cost_of_revenue": 10027000000.0,
      "operating_cash_flow": -2438000000.0,
      "capital_expenditure": 386000000.0,
      "cash_and_marketable_securities": 5715000000.0,
      "free_cash_flow": -2824000000.0
    },
    "2012_Q2": {
      "net_income": 7000000.0,
      "operating_income": 107000000.0,
      "eps_basic": 0.02,
      "eps_diluted": 0.01,
      "cost_of_revenue": 9488000000.0,
      "operating_cash_flow": 594000000.0,
      "capital_expenditure": 657000000.0,
      "cash_and_marketable_securities": 4970000000.0,
      "free_cash_flow": -63000000.0
    },
    "2012_Q3": {
      "net_income": -274000000.0,
      "operating_income": -28000000.0,
      "eps_basic": -0.6,
      "eps_diluted": -0.6,
      "cost_of_revenue": 10319000000.0,
      "operating_cash_flow": 943000000.0,
      "capital_expenditure": 716000000.0,
      "cash_and_marketable_securities": 5248000000.0,
      "free_cash_flow": 227000000.0
    },
    "2013_Q1": {
      "net_income": 82000000.0,
      "operating_income": 181000000.0,
      "eps_basic": 0.18,
      "eps_diluted": 0.18,
      "cost_of_revenue": 11801000000.0,
      "operating_cash_flow": -2372000000.0,
      "capital_expenditure": 670000000.0,
      "cash_and_marketable_securities": 7895000000.0,
      "total_debt": 3718000000.0,
      "net_cash": 4177000000.0,
      "free_cash_flow": -3042000000.0
    },
    "2013_Q2": {
      "net_income": -7000000.0,
      "operating_income": 79000000.0,
      "eps_basic": -0.02,
      "eps_diluted": -0.02,
      "cost_of_revenue": 11209000000.0,
      "operating_cash_flow": 880000000.0,
      "capital_expenditure": 855000000.0,
      "cash_and_marketable_securities": 7463000000.0,
      "total_debt": 3067000000.0,
      "net_cash": 4396000000.0,
      "free_cash_flow": 25000000.0
    },
    "2013_Q3": {
      "net_income": -41000000.0,
      "operating_income": -25000000.0,
      "eps_basic": -0.09,
      "eps_diluted": -0.09,
      "cost_of_revenue": 12366000000.0,
      "operating_cash_flow": 1388000000.0,
      "capital_expenditure": 1038000000.0,
      "cash_and_marketable_securities": 7689000000.0,
      "total_debt": 3067000000.0,
      "net_cash": 4622000000.0,
      "free_cash_flow": 350000000.0
    },
    "2014_Q1": {
      "net_income": 108000000.0,
      "operating_income": 146000000.0,
      "eps_basic": 0.23,
      "eps_diluted": 0.23,
      "cost_of_revenue": 14055000000.0,
      "operating_cash_flow": -2502000000.0,
      "capital_expenditure": 1080000000.0,
      "cash_and_marketable_securities": 8666000000.0,
      "total_debt": 3169000000.0,
      "net_cash": 5497000000.0,
      "free_cash_flow": -3582000000.0
    },
    "2014_Q2": {
      "net_income": -126000000.0,
      "operating_income": -15000000.0,
      "eps_basic": -0.27,
      "eps_diluted": -0.27,
      "cost_of_revenue": 13399000000.0,
      "operating_cash_flow": 862000000.0,
      "capital_expenditure": 1290000000.0,
      "cash_and_marketable_securities": 7986000000.0,
      "total_debt": 3140000000.0,
      "net_cash": 4846000000.0,
      "free_cash_flow": -428000000.0
    },
    "2014_Q3": {
      "net_income": -437000000.0,
      "operating_income": -544000000.0,
      "eps_basic": -0.95,
      "eps_diluted": -0.95,
      "cost_of_revenue": 14627000000.0,
      "operating_cash_flow": 1766000000.0,
      "capital_expenditure": 1378000000.0,
      "cash_and_marketable_securities": 6883000000.0,
      "total_debt": 3119000000.0,
      "net_cash": 3764000000.0,
      "free_cash_flow": 388000000.0
    },
    "2015_Q1": {
      "net_income": -57000000.0,
      "operating_income": 255000000.0,
      "eps_basic": -0.12,
      "eps_diluted": -0.12,
      "cost_of_revenue": 15395000000.0,
      "operating_cash_flow": -1499000000.0,
      "capital_expenditure": 871000000.0,
      "cash_and_marketable_securities": 13781000000.0,
      "total_debt": 8352000000.0,
      "net_cash": 5429000000.0,
      "free_cash_flow": -2370000000.0
    },
    "2015_Q2": {
      "net_income": 92000000.0,
      "operating_income": 464000000.0,
      "eps_basic": 0.2,
      "eps_diluted": 0.19,
      "cost_of_revenue": 15160000000.0,
      "operating_cash_flow": 1997000000.0,
      "capital_expenditure": 1213000000.0,
      "cash_and_marketable_securities": 14001000000.0,
      "total_debt": 8343000000.0,
      "net_cash": 5658000000.0,
      "free_cash_flow": 784000000.0
    },
    "2015_Q3": {
      "net_income": 79000000.0,
      "operating_income": 406000000.0,
      "eps_basic": 0.17,
      "eps_diluted": 0.17,
      "cost_of_revenue": 16755000000.0,
      "operating_cash_flow": 2610000000.0,
      "capital_expenditure": 1195000000.0,
      "cash_and_marketable_securities": 14428000000.0,
      "total_debt": 8334000000.0,
      "net_cash": 6094000000.0,
      "free_cash_flow": 1415000000.0
    },
    "2016_Q1": {
      "net_income": 513000000.0,
      "operating_income": 1071000000.0,
      "eps_basic": 1.09,
      "eps_diluted": 1.07,
      "cost_of_revenue": 18866000000.0,
      "operating_cash_flow": -2160000000.0,
      "capital_expenditure": 1179000000.0,
      "cash_and_marketable_securities": 15859000000.0,
      "total_debt": 8315000000.0,
      "net_cash": 7544000000.0,
      "free_cash_flow": -3339000000.0
    },
    "2016_Q2": {
      "net_income": 857000000.0,
      "operating_income": 1285000000.0,
      "eps_basic": 1.81,
      "eps_diluted": 1.78,
      "cost_of_revenue": 19180000000.0,
      "operating_cash_flow": 3465000000.0,
      "capital_expenditure": 1711000000.0,
      "cash_and_marketable_securities": 16540000000.0,
      "total_debt": 8306000000.0,
      "net_cash": 8234000000.0,
      "free_cash_flow": 1754000000.0
    },
    "2016_Q3": {
      "net_income": 252000000.0,
      "operating_income": 575000000.0,
      "eps_basic": 0.53,
      "eps_diluted": 0.52,
      "cost_of_revenue": 21260000000.0,
      "operating_cash_flow": 4486000000.0,
      "capital_expenditure": 1841000000.0,
      "cash_and_marketable_securities": 18347000000.0,
      "total_debt": 8297000000.0,
      "net_cash": 10050000000.0,
      "free_cash_flow": 2645000000.0
    },
    "2017_Q1": {
      "net_income": 724000000.0,
      "operating_income": 1005000000.0,
      "eps_basic": 1.52,
      "eps_diluted": 1.48,
      "cost_of_revenue": 22440000000.0,
      "operating_cash_flow": -1590000000.0,
      "capital_expenditure": 1861000000.0,
      "cash_and_marketable_securities": 21531000000.0,
      "total_debt": 7778000000.0,
      "net_cash": 13753000000.0,
      "free_cash_flow": -3451000000.0
    },
    "2017_Q2": {
      "net_income": 197000000.0,
      "operating_income": 628000000.0,
      "eps_basic": 0.41,
      "eps_diluted": 0.4,
      "cost_of_revenue": 23451000000.0,
      "operating_cash_flow": 3829000000.0,
      "cash_and_marketable_securities": 21451000000.0,
      "total_debt": 7769000000.0,
      "net_cash": 13682000000.0
    },
    "2017_Q3": {
      "net_income": 256000000.0,
      "operating_income": 347000000.0,
      "eps_basic": 0.53,
      "eps_diluted": 0.52,
      "cost_of_revenue": 27549000000.0,
      "operating_cash_flow": 3851000000.0,
      "cash_and_marketable_securities": 24310000000.0,
      "total_debt": 24810000000.0,
      "net_cash": -500000000.0
    },
    "2018_Q1": {
      "net_income": 1629000000.0,
      "operating_income": 1927000000.0,
      "eps_basic": 3.36,
      "eps_diluted": 3.27,
      "cost_of_revenue": 30735000000.0,
      "operating_cash_flow": -1791000000.0,
      "cash_and_marketable_securities": 24963000000.0,
      "total_debt": 24739000000.0,
      "net_cash": 224000000.0
    },
    "2018_Q2": {
      "net_income": 2534000000.0,
      "operating_income": 2983000000.0,
      "eps_basic": 5.21,
      "eps_diluted": 5.07,
      "cost_of_revenue": 30632000000.0,
      "operating_cash_flow": 7449000000.0,
      "cash_and_marketable_securities": 27050000000.0,
      "total_debt": 24739000000.0,
      "net_cash": 2311000000.0
    },
    "2016_Q4": {
      "net_income": -873000000.0,
      "operating_income": -1676000000.0,
      "eps_basic": -1.8600000000000005,
      "eps_diluted": -1.83,
      "cost_of_revenue": 28959000000.0,
      "operating_cash_flow": 10652000000.0,
      "capital_expenditure": 2006000000.0,
      "free_cash_flow": 8646000000.0
    },
    "2017_Q4": {
      "net_income": 679000000.0,
      "operating_income": 147000000.0,
      "eps_basic": 1.3900000000000001,
      "eps_diluted": 1.35,
      "cost_of_revenue": 38494000000.0,
      "operating_cash_flow": 12344000000.0
    },
    "2018_Q4": {
      "net_income": -4019000000.0,
      "operating_income": -4848000000.0,
      "eps_basic": -8.3,
      "eps_diluted": -8.05,
      "cost_of_revenue": 44786000000.0,
      "operating_cash_flow": 16477000000.0
    },
    "2010_Q4": {
      "net_income": -321000000.0,
      "operating_income": 474000000.0,
      "eps_basic": -0.7100000000000001,
      "eps_diluted": -0.7100000000000001,
      "cost_of_revenue": 10317000000.0,
      "operating_cash_flow": 3488000000.0,
      "capital_expenditure": 328000000.0,
      "free_cash_flow": 3160000000.0
    },
    "2011_Q4": {
      "net_income": -278000000.0,
      "operating_income": 260000000.0,
      "eps_basic": -0.61,
      "eps_diluted": -0.61,
      "cost_of_revenue": 13830000000.0,
      "operating_cash_flow": 4269000000.0,
      "capital_expenditure": 551000000.0,
      "free_cash_flow": 3718000000.0
    },
    "2012_Q4": {
      "net_income": 314000000.0,
      "operating_income": 405000000.0,
      "eps_basic": 0.6799999999999999,
      "eps_diluted": 0.69,
      "cost_of_revenue": 16137000000.0,
      "operating_cash_flow": 5081000000.0,
      "capital_expenditure": 2026000000.0,
      "free_cash_flow": 3055000000.0
    },
    "2013_Q4": {
      "net_income": 205000000.0,
      "operating_income": 275000000.0,
      "eps_basic": 0.45,
      "eps_diluted": 0.44,
      "cost_of_revenue": 18805000000.0,
      "operating_cash_flow": 5579000000.0,
      "capital_expenditure": 881000000.0,
      "free_cash_flow": 4698000000.0
    },
    "2014_Q4": {
      "net_income": 669000000.0,
      "operating_income": 1004000000.0,
      "eps_basic": 1.45,
      "eps_diluted": 1.44,
      "cost_of_revenue": 20671000000.0,
      "operating_cash_flow": 6716000000.0,
      "capital_expenditure": 1145000000.0,
      "free_cash_flow": 5571000000.0
    },
    "2015_Q4": {
      "net_income": 368000000.0,
      "operating_income": -17000000.0,
      "eps_basic": 0.78,
      "eps_diluted": 0.76,
      "cost_of_revenue": 24341000000.0,
      "operating_cash_flow": 8812000000.0,
      "capital_expenditure": 1310000000.0,
      "free_cash_flow": 7502000000.0
    }
  }
}