{
  "ticker": "GOOGL",
  "cik": "0001652044",
  "source": "sec_companyfacts",
  "schema_version": 4,
  "fetched_at": "2026-02-13T16:33:19.897114",
  "periods": {
    "2015_Q3": {
      "revenue": 18675000000.0,
      "net_income": 3979000000.0,
      "operating_income": 4708000000.0,
      "eps_basic": 5.16,
      "eps_diluted": 5.1,
      "research_and_development": 3230000000.0,
      "operating_cash_flow": 19609000000.0,
      "capital_expenditure": 7815000000.0,
      "cash_and_marketable_securities": 72767000000.0,
      "total_debt": 3237000000.0,
      "net_cash": 69530000000.0,
      "free_cash_flow": 11794000000.0
    },
    "2016_Q1": {
      "revenue": 20257000000.0,
      "net_income": 4207000000.0,
      "operating_income": 5342000000.0,
      "research_and_development": 3367000000.0,
      "operating_cash_flow": 7658000000.0,
      "capital_expenditure": 2428000000.0,
      "cash_and_marketable_securities": 75264000000.0,
      "total_debt": 3221000000.0,
      "net_cash": 72043000000.0,
      "free_cash_flow": 5230000000.0
    },
    "2016_Q2": {
      "revenue": 21500000000.0,
      "net_income": 4877000000.0,
      "operating_income": 5968000000.0,
      "research_and_development": 3363000000.0,
      "operating_cash_flow": 16778000000.0,
      "capital_expenditure": 2123000000.0,
      "cash_and_marketable_securities": 78460000000.0,
      "total_debt": 2219000000.0,
      "net_cash": 76241000000.0,
      "free_cash_flow": 14655000000.0
    },
    "2016_Q3": {
      "revenue": 22451000000.0,
      "net_income": 5061000000.0,
      "operating_income": 5767000000.0,
      "research_and_development": 3596000000.0,
      "operating_cash_flow": 26623000000.0,
      "capital_expenditure": 2554000000.0,
      "cash_and_marketable_securities": 83056000000.0,
      "total_debt": 0.0,
      "net_cash": 83056000000.0,
      "free_cash_flow": 24069000000.0
    },
    "2017_Q1": {
      "revenue": 24750000000.0,
      "net_income": 5426000000.0,
      "operating_income": 6568000000.0,
      "eps_basic": 7.85,
      "eps_diluted": 7.73,
      "research_and_development": 3942000000.0,
      "operating_cash_flow": 9548000000.0,
      "capital_expenditure": 2508000000.0,
      "cash_and_marketable_securities": 92439000000.0,
      "free_cash_flow": 7040000000.0
    },
    "2017_Q2": {
      "revenue": 26010000000.0,
      "net_income": 3524000000.0,
      "operating_income": 4132000000.0,
      "eps_basic": 5.09,
      "eps_diluted": 5.01,
      "research_and_development": 4172000000.0,
      "operating_cash_flow": 16951000000.0,
      "capital_expenditure": 2831000000.0,
      "cash_and_marketable_securities": 94713000000.0,
      "free_cash_flow": 14120000000.0
    },
    "2017_Q3": {
      "revenue": 27772000000.0,
      "net_income": 6732000000.0,
      "operating_income": 7782000000.0,
      "eps_basic": 9.71,
      "eps_diluted": 9.57,
      "research_and_development": 4205000000.0,
      "operating_cash_flow": 26823000000.0,
      "capital_expenditure": 3538000000.0,
      "cash_and_marketable_securities": 100143000000.0,
      "free_cash_flow": 23285000000.0
    },
    "2018_Q1": {
      "revenue": 31146000000.0,
      "net_income": 9401000000.0,
      "operating_income": 7001000000.0,
      "eps_basic": 13.53,
      "eps_diluted": 13.33,
      "research_and_development": 5039000000.0,
      "operating_cash_flow": 11642000000.0,
      "capital_expenditure": 7299000000.0,
      "cash_and_marketable_securities": 102885000000.0,
      "total_debt": 1329000000.0,
      "net_cash": 101556000000.0,
      "free_cash_flow": 4343000000.0
    },
    "2018_Q2": {
      "revenue": 32657000000.0,
      "net_income": 3195000000.0,
      "operating_income": 2807000000.0,
      "eps_basic": 4.6,
      "eps_diluted": 4.54,
      "research_and_development": 5114000000.0,
      "operating_cash_flow": 21774000000.0,
      "capital_expenditure": 5477000000.0,
      "cash_and_marketable_securities": 102254000000.0,
      "free_cash_flow": 16297000000.0
    },
    "2018_Q3": {
      "revenue": 33740000000.0,
      "net_income": 9192000000.0,
      "operating_income": 8310000000.0,
      "eps_basic": 13.21,
      "eps_diluted": 13.06,
      "research_and_development": 5232000000.0,
      "operating_cash_flow": 34984000000.0,
      "capital_expenditure": 5282000000.0,
      "cash_and_marketable_securities": 106416000000.0,
      "free_cash_flow": 29702000000.0
    },
    "2019_Q1": {
      "revenue": 36339000000.0,
      "net_income": 6657000000.0,
      "operating_income": 6608000000.0,
      "eps_basic": 9.58,
      "eps_diluted": 9.5,
      "research_and_development": 6029000000.0,
      "operating_cash_flow": 12000000000.0,
      "capital_expenditure": 4638000000.0,
      "cash_and_marketable_securities": 113488000000.0,
      "free_cash_flow": 7362000000.0
    },
    "2021_Q1": {
      "revenue": 55314000000.0,
      "net_income": 17930000000.0,
      "operating_income": 16437000000.0,
      "eps_basic": 26.63,
      "eps_diluted": 26.29,
      "research_and_development": 7485000000.0,
      "operating_cash_flow": 19289000000.0,
      "capital_expenditure": 5942000000.0,
      "cash_and_marketable_securities": 135104000000.0,
      "free_cash_flow": 13347000000.0
    },
    "2021_Q2": {
      "revenue": 61880000000.0,
      "net_income": 18525000000.0,
      "operating_income": 19361000000.0,
      "eps_basic": 27.69,
      "eps_diluted": 27.26,
      "research_and_development": 7675000000.0,
      "operating_cash_flow": 41179000000.0,
      "capital_expenditure": 11438000000.0,
      "cash_and_marketable_securities": 135863000000.0,
      "free_cash_flow": 29741000000.0
    },
    "2025_Q2": {
      "revenue": 96428000000.0,
      "net_income": 28196000000.0,
      "operating_income": 31271000000.0,
      "eps_basic": 2.33,
      "eps_diluted": 2.31,
      "research_and_development": 13808000000.0,
      "operating_cash_flow": 63897000000.0,
      "capital_expenditure": 39643000000.0,
      "cash_and_marketable_securities": 95414000000.0,
      "total_debt": 24903000000.0,
      "net_cash": 70511000000.0,
      "free_cash_flow": 24254000000.0
    },
    "2025_Q3": {
      "revenue": 102346000000.0,
      "net_income": 34979000000.0,
      "operating_income": 31228000000.0,
      "eps_basic": 2.89,
      "eps_diluted": 2.87,
      "research_and_development": 15151000000.0,
      "operating_cash_flow": 112311000000.0,
      "capital_expenditure": 63596000000.0,
      "cash_and_marketable_securities": 98762000000.0,
      "total_debt": 23892000000.0,
      "net_cash": 74870000000.0,
      "free_cash_flow": 48715000000.0
    },
    "2016_Q4": {
      "revenue": 26064000000.0,
      "net_income": 5333000000.0,
      "operating_income": 6639000000.0,
      "research_and_development": 3622000000.0,
      "operating_cash_flow": -15023000000.0,
      "capital_expenditure": 3107000000.0,
      "free_cash_flow": -18130000000.0
    },
    "2017_Q4": {
      "revenue": 32323000000.0,
      "net_income": -3020000000.0,
      "operating_income": 7664000000.0,
      "research_and_development": 4306000000.0,
      "operating_cash_flow": -16231000000.0,
      "capital_expenditure": 4307000000.0,
      "free_cash_flow": -20538000000.0
    },
    "2019_Q2": {
      "net_income": 9947000000.0,
      "operating_income": 9180000000.0,
      "eps_basic": 14.33,
      "eps_diluted": 14.21,
      "research_and_development": 6213000000.0,
      "operating_cash_flow": 24627000000.0,
      "capital_expenditure": 6126000000.0,
      "cash_and_marketable_securities": 121056000000.0,
      "free_cash_flow": 18501000000.0
    },
    "2019_Q3": {
      "net_income": 7068000000.0,
      "operating_income": 9177000000.0,
      "eps_basic": 10.2,
      "eps_diluted": 10.12,
      "research_and_development": 6554000000.0,
      "operating_cash_flow": 40093000000.0,
      "capital_expenditure": 6732000000.0,
      "cash_and_marketable_securities": 121177000000.0,
      "free_cash_flow": 33361000000.0
    },
    "2020_Q1": {
      "net_income": 6836000000.0,
      "operating_income": 7977000000.0,
      "eps_basic": 9.96,
      "eps_diluted": 9.87,
      "research_and_development": 6820000000.0,
      "operating_cash_flow": 11451000000.0,
      "capital_expenditure": 6005000000.0,
      "cash_and_marketable_securities": 117229000000.0,
      "free_cash_flow": 5446000000.0
    },
    "2020_Q2": {
      "net_income": 6959000000.0,
      "operating_income": 6383000000.0,
      "eps_basic": 10.21,
      "eps_diluted": 10.13,
      "research_and_development": 6875000000.0,
      "operating_cash_flow": 25444000000.0,
      "capital_expenditure": 5391000000.0,
      "cash_and_marketable_securities": 121080000000.0,
      "free_cash_flow": 20053000000.0
    },
    "2020_Q3": {
      "net_income": 11247000000.0,
      "operating_income": 11213000000.0,
      "eps_basic": 16.55,
      "eps_diluted": 16.4,
      "research_and_development": 6856000000.0,
      "operating_cash_flow": 42447000000.0,
      "capital_expenditure": 5406000000.0,
      "cash_and_marketable_securities": 132596000000.0,
      "free_cash_flow": 37041000000.0
    },
    "2021_Q3": {
      "net_income": 18936000000.0,
      "operating_income": 21031000000.0,
      "eps_basic": 28.44,
      "eps_diluted": 27.99,
      "research_and_development": 7694000000.0,
      "operating_cash_flow": 66718000000.0,
      "capital_expenditure": 18257000000.0,
      "cash_and_marketable_securities": 142003000000.0,
      "free_cash_flow": 48461000000.0
    },
    "2022_Q1": {
      "net_income": 16436000000.0,
      "operating_income": 20094000000.0,
      "eps_basic": 24.9,
      "eps_diluted": 24.62,
      "research_and_development": 9119000000.0,
      "operating_cash_flow": 25106000000.0,
      "capital_expenditure": 9786000000.0,
      "cash_and_marketable_securities": 133970000000.0,
      "free_cash_flow": 15320000000.0
    },
    "2022_Q2": {
      "net_income": 16002000000.0,
      "operating_income": 19453000000.0,
      "eps_basic": 1.22,
      "eps_diluted": 1.21,
      "research_and_development": 9841000000.0,
      "operating_cash_flow": 44528000000.0,
      "capital_expenditure": 16614000000.0,
      "cash_and_marketable_securities": 124997000000.0,
      "free_cash_flow": 27914000000.0
    },
    "2022_Q3": {
      "net_income": 13910000000.0,
      "operating_income": 17135000000.0,
      "eps_basic": 1.07,
      "eps_diluted": 1.06,
      "research_and_development": 10273000000.0,
      "operating_cash_flow": 67881000000.0,
      "capital_expenditure": 23890000000.0,
      "cash_and_marketable_securities": 116259000000.0,
      "free_cash_flow": 43991000000.0
    },
    "2023_Q1": {
      "net_income": 15051000000.0,
      "operating_income": 17415000000.0,
      "eps_basic": 1.18,
      "eps_diluted": 1.17,
      "research_and_development": 11468000000.0,
      "operating_cash_flow": 23509000000.0,
      "capital_expenditure": 6289000000.0,
      "cash_and_marketable_securities": 116022000000.0,
      "free_cash_flow": 17220000000.0
    },
    "2023_Q2": {
      "net_income": 18368000000.0,
      "operating_income": 21838000000.0,
      "eps_basic": 1.45,
      "eps_diluted": 1.44,
      "research_and_development": 10588000000.0,
      "operating_cash_flow": 52175000000.0,
      "capital_expenditure": 13177000000.0,
      "cash_and_marketable_securities": 119224000000.0,
      "free_cash_flow": 38998000000.0
    },
    "2023_Q3": {
      "net_income": 19689000000.0,
      "operating_income": 21343000000.0,
      "eps_basic": 1.56,
      "eps_diluted": 1.55,
      "research_and_development": 11258000000.0,
      "operating_cash_flow": 82831000000.0,
      "capital_expenditure": 21232000000.0,
      "cash_and_marketable_securities": 120893000000.0,
      "free_cash_flow": 61599000000.0
    },
    "2024_Q1": {
      "net_income": 23662000000.0,
      "operating_income": 25472000000.0,
      "eps_basic": 1.91,
      "eps_diluted": 1.89,
      "research_and_development": 11903000000.0,
      "operating_cash_flow": 28848000000.0,
      "capital_expenditure": 12012000000.0,
      "cash_and_marketable_securities": 109490000000.0,
      "free_cash_flow": 16836000000.0
    },
    "2024_Q2": {
      "net_income": 23619000000.0,
      "operating_income": 27425000000.0,
      "eps_basic": 1.91,
      "eps_diluted": 1.89,
      "research_and_development": 11860000000.0,
      "operating_cash_flow": 55488000000.0,
      "capital_expenditure": 25198000000.0,
      "cash_and_marketable_securities": 101001000000.0,
      "free_cash_flow": 30290000000.0
    },
    "2024_Q3": {
      "net_income": 26301000000.0,
      "operating_income": 28521000000.0,
      "eps_basic": 2.14,
      "eps_diluted": 2.12,
      "research_and_development": 12447000000.0,
      "operating_cash_flow": 86186000000.0,
      "capital_expenditure": 38259000000.0,
      "cash_and_marketable_securities": 93483000000.0,
      "free_cash_flow": 47927000000.0
    },
    "2025_Q1": {
      "net_income": 34540000000.0,
      "operating_income": 30606000000.0,
      "eps_basic": 2.84,
      "eps_diluted": 2.81,
      "research_and_development": 13556000000.0,
      "operating_cash_flow": 36150000000.0,
      "capital_expenditure": 17197000000.0,
      "cash_and_marketable_securities": 95704000000.0,
      "total_debt": 12000000000.0,
      "net_cash": 83704000000.0,
      "free_cash_flow": 18953000000.0
    },
    "2018_Q4": {
      "net_income": 8948000000.0,
      "operating_income": 8203000000.0,
      "eps_basic": 12.879999999999999,
      "eps_diluted": 12.770000000000003,
      "research_and_development": 6034000000.0,
      "operating_cash_flow": -20429000000.0,
      "capital_expenditure": 7081000000.0,
      "free_cash_flow": -27510000000.0
    },
    "2019_Q4": {
      "net_income": 10671000000.0,
      "operating_income": 9266000000.0,
      "eps_basic": 15.480000000000004,
      "eps_diluted": 15.329999999999998,
      "research_and_development": 7222000000.0,
      "operating_cash_flow": -22200000000.0,
      "capital_expenditure": 6052000000.0,
      "free_cash_flow": -28252000000.0
    },
    "2020_Q4": {
      "net_income": 15227000000.0,
      "operating_income": 15651000000.0,
      "eps_basic": 22.43,
      "eps_diluted": 22.21,
      "research_and_development": 7022000000.0,
      "operating_cash_flow": -14218000000.0,
      "capital_expenditure": 5479000000.0,
      "free_cash_flow": -19697000000.0
    },
    "2021_Q4": {
      "net_income": 20642000000.0,
      "operating_income": 21885000000.0,
      "eps_basic": 31.11999999999999,
      "eps_diluted": 30.66000000000001,
      "research_and_development": 8708000000.0,
      "operating_cash_flow": -35534000000.0,
      "capital_expenditure": 10997000000.0,
      "free_cash_flow": -46531000000.0
    },
    "2022_Q4": {
      "net_income": 13624000000.0,
      "operating_income": 18160000000.0,
      "eps_basic": -22.599999999999998,
      "eps_diluted": -22.330000000000002,
      "research_and_development": 10267000000.0,
      "operating_cash_flow": -46020000000.0,
      "capital_expenditure": 18805000000.0,
      "free_cash_flow": -64825000000.0
    },
    "2023_Q4": {
      "net_income": 20687000000.0,
      "operating_income": 23697000000.0,
      "eps_basic": 1.6500000000000004,
      "eps_diluted": 1.6399999999999997,
      "research_and_development": 12113000000.0,
      "operating_cash_flow": -56769000000.0,
      "capital_expenditure": 8447000000.0,
      "free_cash_flow": -65216000000.0
    },
    "2024_Q4": {
      "net_income": 26536000000.0,
      "operating_income": 30972000000.0,
      "eps_basic": 2.170000000000001,
      "eps_diluted": 2.139999999999999,
      "research_and_development": 13116000000.0,
      "operating_cash_flow": -45223000000.0,
      "capital_expenditure": 22934000000.0,
      "free_cash_flow": -68157000000.0
    },
    "2025_Q4": {
      "net_income": 34455000000.0,
      "operating_income": 35934000000.0,
      "eps_basic": 2.8499999999999996,
      "eps_diluted": 2.8200000000000003,
      "research_and_development": 18572000000.0,
      "operating_cash_flow": -47645000000.0,
      "capital_expenditure": 28989000000.0,
      "free_cash_flow": -76634000000.0
    }
  }
}