{
  "ticker": "META",
  "cik": "0001326801",
  "source": "sec_companyfacts",
  "schema_version": 4,
  "fetched_at": "2026-02-13T16:33:21.991439",
  "periods": {
    "2012_Q2": {
      "revenue": 1184000000.0,
      "net_income": -157000000.0,
      "operating_income": -743000000.0,
      "eps_basic": -0.08,
      "eps_diluted": -0.08,
      "research_and_development": 705000000.0,
      "operating_cash_flow": 683000000.0,
      "capital_expenditure": 866000000.0,
      "cash_and_marketable_securities": 10188000000.0,
      "free_cash_flow": -183000000.0
    },
    "2012_Q3": {
      "revenue": 1262000000.0,
      "net_income": -59000000.0,
      "operating_income": 377000000.0,
      "eps_basic": 0.02,
      "eps_diluted": 0.02,
      "research_and_development": 244000000.0,
      "operating_cash_flow": 931000000.0,
      "capital_expenditure": 1037000000.0,
      "cash_and_marketable_securities": 10452000000.0,
      "free_cash_flow": -106000000.0
    },
    "2013_Q1": {
      "revenue": 1458000000.0,
      "net_income": 219000000.0,
      "operating_income": 373000000.0,
      "eps_basic": 0.09,
      "eps_diluted": 0.09,
      "research_and_development": 293000000.0,
      "operating_cash_flow": 719000000.0,
      "capital_expenditure": 327000000.0,
      "cash_and_marketable_securities": 9472000000.0,
      "free_cash_flow": 392000000.0
    },
    "2013_Q2": {
      "revenue": 1813000000.0,
      "net_income": 333000000.0,
      "operating_income": 562000000.0,
      "eps_basic": 0.14,
      "eps_diluted": 0.13,
      "research_and_development": 344000000.0,
      "operating_cash_flow": 2041000000.0,
      "capital_expenditure": 595000000.0,
      "cash_and_marketable_securities": 10252000000.0,
      "free_cash_flow": 1446000000.0
    },
    "2013_Q3": {
      "revenue": 2016000000.0,
      "net_income": 425000000.0,
      "operating_income": 736000000.0,
      "eps_basic": 0.17,
      "eps_diluted": 0.17,
      "research_and_development": 369000000.0,
      "operating_cash_flow": 2991000000.0,
      "capital_expenditure": 879000000.0,
      "cash_and_marketable_securities": 9328000000.0,
      "free_cash_flow": 2112000000.0
    },
    "2014_Q1": {
      "revenue": 2502000000.0,
      "net_income": 642000000.0,
      "operating_income": 1075000000.0,
      "eps_basic": 0.25,
      "eps_diluted": 0.25,
      "research_and_development": 455000000.0,
      "operating_cash_flow": 1285000000.0,
      "capital_expenditure": 363000000.0,
      "cash_and_marketable_securities": 12629000000.0,
      "free_cash_flow": 922000000.0
    },
    "2014_Q2": {
      "revenue": 2910000000.0,
      "net_income": 791000000.0,
      "operating_income": 1390000000.0,
      "eps_basic": 0.31,
      "eps_diluted": 0.3,
      "research_and_development": 492000000.0,
      "operating_cash_flow": 2626000000.0,
      "capital_expenditure": 832000000.0,
      "cash_and_marketable_securities": 13956000000.0,
      "free_cash_flow": 1794000000.0
    },
    "2014_Q3": {
      "revenue": 3203000000.0,
      "net_income": 806000000.0,
      "operating_income": 1397000000.0,
      "eps_basic": 0.31,
      "eps_diluted": 0.3,
      "research_and_development": 608000000.0,
      "operating_cash_flow": 3874000000.0,
      "capital_expenditure": 1314000000.0,
      "cash_and_marketable_securities": 14250000000.0,
      "free_cash_flow": 2560000000.0
    },
    "2015_Q1": {
      "revenue": 3543000000.0,
      "net_income": 512000000.0,
      "operating_income": 933000000.0,
      "eps_basic": 0.18,
      "eps_diluted": 0.18,
      "research_and_development": 1062000000.0,
      "operating_cash_flow": 1700000000.0,
      "capital_expenditure": 502000000.0,
      "cash_and_marketable_securities": 12413000000.0,
      "free_cash_flow": 1198000000.0
    },
    "2015_Q2": {
      "revenue": 4042000000.0,
      "net_income": 719000000.0,
      "operating_income": 1273000000.0,
      "eps_basic": 0.26,
      "eps_diluted": 0.25,
      "research_and_development": 1170000000.0,
      "operating_cash_flow": 3580000000.0,
      "capital_expenditure": 1051000000.0,
      "cash_and_marketable_securities": 14125000000.0,
      "free_cash_flow": 2529000000.0
    },
    "2015_Q3": {
      "revenue": 4501000000.0,
      "net_income": 896000000.0,
      "operating_income": 1459000000.0,
      "eps_basic": 0.32,
      "eps_diluted": 0.31,
      "research_and_development": 1271000000.0,
      "operating_cash_flow": 5772000000.0,
      "capital_expenditure": 1831000000.0,
      "cash_and_marketable_securities": 15834000000.0,
      "free_cash_flow": 3941000000.0
    },
    "2016_Q1": {
      "revenue": 5382000000.0,
      "net_income": 1510000000.0,
      "operating_income": 2009000000.0,
      "eps_basic": 0.53,
      "eps_diluted": 0.52,
      "research_and_development": 1343000000.0,
      "operating_cash_flow": 2983000000.0,
      "capital_expenditure": 1132000000.0,
      "cash_and_marketable_securities": 20621000000.0,
      "free_cash_flow": 1851000000.0
    },
    "2016_Q2": {
      "revenue": 6436000000.0,
      "net_income": 2055000000.0,
      "operating_income": 2746000000.0,
      "eps_basic": 0.72,
      "eps_diluted": 0.71,
      "research_and_development": 1463000000.0,
      "operating_cash_flow": 6181000000.0,
      "capital_expenditure": 2127000000.0,
      "cash_and_marketable_securities": 23293000000.0,
      "free_cash_flow": 4054000000.0
    },
    "2016_Q3": {
      "revenue": 7011000000.0,
      "net_income": 2379000000.0,
      "operating_income": 3122000000.0,
      "eps_basic": 0.83,
      "eps_diluted": 0.82,
      "research_and_development": 1539000000.0,
      "operating_cash_flow": 9758000000.0,
      "capital_expenditure": 3222000000.0,
      "cash_and_marketable_securities": 26140000000.0,
      "free_cash_flow": 6536000000.0
    },
    "2017_Q1": {
      "revenue": 8032000000.0,
      "net_income": 3064000000.0,
      "operating_income": 3327000000.0,
      "eps_basic": 1.06,
      "eps_diluted": 1.04,
      "research_and_development": 1834000000.0,
      "operating_cash_flow": 5058000000.0,
      "capital_expenditure": 1271000000.0,
      "cash_and_marketable_securities": 32306000000.0,
      "free_cash_flow": 3787000000.0
    },
    "2017_Q2": {
      "revenue": 9321000000.0,
      "net_income": 3894000000.0,
      "operating_income": 4401000000.0,
      "eps_basic": 1.34,
      "eps_diluted": 1.32,
      "research_and_development": 1919000000.0,
      "operating_cash_flow": 10418000000.0,
      "capital_expenditure": 2715000000.0,
      "cash_and_marketable_securities": 35452000000.0,
      "free_cash_flow": 7703000000.0
    },
    "2017_Q3": {
      "revenue": 10328000000.0,
      "net_income": 4707000000.0,
      "operating_income": 5122000000.0,
      "eps_basic": 1.62,
      "eps_diluted": 1.59,
      "research_and_development": 2052000000.0,
      "operating_cash_flow": 16545000000.0,
      "capital_expenditure": 4470000000.0,
      "cash_and_marketable_securities": 38289000000.0,
      "free_cash_flow": 12075000000.0
    },
    "2018_Q1": {
      "revenue": 11966000000.0,
      "net_income": 4988000000.0,
      "operating_income": 5449000000.0,
      "eps_basic": 1.72,
      "eps_diluted": 1.69,
      "research_and_development": 2238000000.0,
      "operating_cash_flow": 7860000000.0,
      "capital_expenditure": 2812000000.0,
      "cash_and_marketable_securities": 43956000000.0,
      "free_cash_flow": 5048000000.0
    },
    "2018_Q2": {
      "revenue": 13231000000.0,
      "net_income": 5106000000.0,
      "operating_income": 5863000000.0,
      "eps_basic": 1.76,
      "eps_diluted": 1.74,
      "research_and_development": 2523000000.0,
      "operating_cash_flow": 14158000000.0,
      "capital_expenditure": 6272000000.0,
      "cash_and_marketable_securities": 42309000000.0,
      "free_cash_flow": 7886000000.0
    },
    "2018_Q3": {
      "revenue": 13727000000.0,
      "net_income": 5137000000.0,
      "operating_income": 5781000000.0,
      "eps_basic": 1.78,
      "eps_diluted": 1.76,
      "research_and_development": 2657000000.0,
      "operating_cash_flow": 21656000000.0,
      "capital_expenditure": 9614000000.0,
      "cash_and_marketable_securities": 9637000000.0,
      "free_cash_flow": 12042000000.0
    },
    "2016_Q4": {
      "revenue": 8809000000.0,
      "net_income": -3317000000.0,
      "operating_income": 4550000000.0,
      "eps_basic": -1.17,
      "eps_diluted": -1.15,
      "research_and_development": 1574000000.0,
      "operating_cash_flow": -15445000000.0,
      "capital_expenditure": 1990000000.0,
      "free_cash_flow": -17435000000.0
    },
    "2017_Q4": {
      "revenue": 12972000000.0,
      "net_income": 4269000000.0,
      "operating_income": 7353000000.0,
      "eps_basic": 1.4699999999999998,
      "eps_diluted": 1.4399999999999995,
      "research_and_development": 1949000000.0,
      "operating_cash_flow": -7805000000.0,
      "capital_expenditure": 1723000000.0,
      "free_cash_flow": -9528000000.0
    },
    "2013_Q4": {
      "revenue": 2585000000.0,
      "net_income": 523000000.0,
      "operating_income": 1133000000.0,
      "eps_basic": 0.21999999999999997,
      "eps_diluted": 0.20999999999999996,
      "research_and_development": 409000000.0,
      "operating_cash_flow": -1529000000.0,
      "capital_expenditure": 439000000.0,
      "free_cash_flow": -1968000000.0
    },
    "2014_Q4": {
      "revenue": 3851000000.0,
      "net_income": 701000000.0,
      "operating_income": 1132000000.0,
      "eps_basic": 0.25,
      "eps_diluted": 0.25,
      "research_and_development": 1111000000.0,
      "operating_cash_flow": -2328000000.0,
      "capital_expenditure": 678000000.0,
      "free_cash_flow": -3006000000.0
    },
    "2015_Q4": {
      "revenue": 5842000000.0,
      "net_income": 1561000000.0,
      "operating_income": 2560000000.0,
      "eps_basic": 0.55,
      "eps_diluted": 0.55,
      "research_and_development": 1313000000.0,
      "operating_cash_flow": -2453000000.0,
      "capital_expenditure": 861000000.0,
      "free_cash_flow": -3314000000.0
    },
    "2019_Q1": {
      "net_income": 2429000000.0,
      "operating_income": 3317000000.0,
      "eps_basic": 0.85,
      "eps_diluted": 0.85,
      "research_and_development": 2860000000.0,
      "operating_cash_flow": 9308000000.0,
      "capital_expenditure": 3837000000.0,
      "cash_and_marketable_securities": 11076000000.0,
      "free_cash_flow": 5471000000.0
    },
    "2019_Q2": {
      "net_income": 2616000000.0,
      "operating_income": 4626000000.0,
      "eps_basic": 0.92,
      "eps_diluted": 0.91,
      "research_and_development": 3315000000.0,
      "operating_cash_flow": 17924000000.0,
      "capital_expenditure": 7470000000.0,
      "cash_and_marketable_securities": 13877000000.0,
      "free_cash_flow": 10454000000.0
    },
    "2019_Q3": {
      "net_income": 6091000000.0,
      "operating_income": 7185000000.0,
      "eps_basic": 2.13,
      "eps_diluted": 2.12,
      "research_and_development": 3548000000.0,
      "operating_cash_flow": 27231000000.0,
      "capital_expenditure": 11002000000.0,
      "cash_and_marketable_securities": 15979000000.0,
      "free_cash_flow": 16229000000.0
    },
    "2020_Q1": {
      "net_income": 4902000000.0,
      "operating_income": 5893000000.0,
      "eps_basic": 1.72,
      "eps_diluted": 1.71,
      "research_and_development": 4015000000.0,
      "operating_cash_flow": 11001000000.0,
      "capital_expenditure": 3558000000.0,
      "cash_and_marketable_securities": 23618000000.0,
      "free_cash_flow": 7443000000.0
    },
    "2020_Q2": {
      "net_income": 5178000000.0,
      "operating_income": 5963000000.0,
      "eps_basic": 1.82,
      "eps_diluted": 1.8,
      "research_and_development": 4462000000.0,
      "operating_cash_flow": 14878000000.0,
      "capital_expenditure": 6813000000.0,
      "cash_and_marketable_securities": 21045000000.0,
      "free_cash_flow": 8065000000.0
    },
    "2020_Q3": {
      "net_income": 7846000000.0,
      "operating_income": 8040000000.0,
      "eps_basic": 2.75,
      "eps_diluted": 2.71,
      "research_and_development": 4763000000.0,
      "operating_cash_flow": 24707000000.0,
      "capital_expenditure": 10502000000.0,
      "cash_and_marketable_securities": 11617000000.0,
      "free_cash_flow": 14205000000.0
    },
    "2021_Q1": {
      "net_income": 9497000000.0,
      "operating_income": 11378000000.0,
      "eps_basic": 3.34,
      "eps_diluted": 3.3,
      "research_and_development": 5197000000.0,
      "operating_cash_flow": 12242000000.0,
      "capital_expenditure": 4272000000.0,
      "cash_and_marketable_securities": 19513000000.0,
      "free_cash_flow": 7970000000.0
    },
    "2021_Q2": {
      "net_income": 10394000000.0,
      "operating_income": 12367000000.0,
      "eps_basic": 3.67,
      "eps_diluted": 3.61,
      "research_and_development": 6096000000.0,
      "operating_cash_flow": 25489000000.0,
      "capital_expenditure": 8884000000.0,
      "cash_and_marketable_securities": 16186000000.0,
      "free_cash_flow": 16605000000.0
    },
    "2021_Q3": {
      "net_income": 9194000000.0,
      "operating_income": 10423000000.0,
      "eps_basic": 3.27,
      "eps_diluted": 3.22,
      "research_and_development": 6316000000.0,
      "operating_cash_flow": 39579000000.0,
      "capital_expenditure": 13198000000.0,
      "cash_and_marketable_securities": 14496000000.0,
      "free_cash_flow": 26381000000.0
    },
    "2022_Q1": {
      "net_income": 7465000000.0,
      "operating_income": 8524000000.0,
      "eps_basic": 2.74,
      "eps_diluted": 2.72,
      "research_and_development": 7707000000.0,
      "operating_cash_flow": 14076000000.0,
      "capital_expenditure": 5441000000.0,
      "cash_and_marketable_securities": 14886000000.0,
      "free_cash_flow": 8635000000.0
    },
    "2022_Q2": {
      "net_income": 6687000000.0,
      "operating_income": 8358000000.0,
      "eps_basic": 2.47,
      "eps_diluted": 2.46,
      "research_and_development": 8690000000.0,
      "operating_cash_flow": 26272000000.0,
      "capital_expenditure": 13013000000.0,
      "cash_and_marketable_securities": 40489000000.0,
      "free_cash_flow": 13259000000.0
    },
    "2022_Q3": {
      "net_income": 4395000000.0,
      "operating_income": 5664000000.0,
      "eps_basic": 1.64,
      "eps_diluted": 1.64,
      "research_and_development": 9170000000.0,
      "operating_cash_flow": 35964000000.0,
      "capital_expenditure": 22388000000.0,
      "cash_and_marketable_securities": 41776000000.0,
      "total_debt": 10000000000.0,
      "net_cash": 31776000000.0,
      "free_cash_flow": 13576000000.0
    },
    "2023_Q1": {
      "net_income": 5709000000.0,
      "operating_income": 7227000000.0,
      "eps_basic": 2.21,
      "eps_diluted": 2.2,
      "research_and_development": 9381000000.0,
      "operating_cash_flow": 13998000000.0,
      "capital_expenditure": 6842000000.0,
      "cash_and_marketable_securities": 37439000000.0,
      "total_debt": 10000000000.0,
      "net_cash": 27439000000.0,
      "free_cash_flow": 7156000000.0
    },
    "2023_Q2": {
      "net_income": 7788000000.0,
      "operating_income": 9392000000.0,
      "eps_basic": 3.03,
      "eps_diluted": 2.98,
      "research_and_development": 9344000000.0,
      "operating_cash_flow": 31307000000.0,
      "capital_expenditure": 13058000000.0,
      "cash_and_marketable_securities": 53446000000.0,
      "total_debt": 18500000000.0,
      "net_cash": 34946000000.0,
      "free_cash_flow": 18249000000.0
    },
    "2023_Q3": {
      "net_income": 11583000000.0,
      "operating_income": 13748000000.0,
      "eps_basic": 4.5,
      "eps_diluted": 4.39,
      "research_and_development": 9241000000.0,
      "operating_cash_flow": 51709000000.0,
      "capital_expenditure": 19601000000.0,
      "cash_and_marketable_securities": 61123000000.0,
      "total_debt": 18500000000.0,
      "net_cash": 42623000000.0,
      "free_cash_flow": 32108000000.0
    },
    "2024_Q1": {
      "net_income": 12369000000.0,
      "operating_income": 13818000000.0,
      "eps_basic": 4.86,
      "eps_diluted": 4.71,
      "research_and_development": 9978000000.0,
      "operating_cash_flow": 19246000000.0,
      "capital_expenditure": 6400000000.0,
      "cash_and_marketable_securities": 58120000000.0,
      "free_cash_flow": 12846000000.0
    },
    "2024_Q2": {
      "net_income": 13465000000.0,
      "operating_income": 14847000000.0,
      "eps_basic": 5.31,
      "eps_diluted": 5.16,
      "research_and_development": 10537000000.0,
      "operating_cash_flow": 38616000000.0,
      "capital_expenditure": 14573000000.0,
      "cash_and_marketable_securities": 58080000000.0,
      "free_cash_flow": 24043000000.0
    },
    "2024_Q3": {
      "net_income": 15688000000.0,
      "operating_income": 17350000000.0,
      "eps_basic": 6.2,
      "eps_diluted": 6.03,
      "research_and_development": 11177000000.0,
      "operating_cash_flow": 63340000000.0,
      "capital_expenditure": 22831000000.0,
      "cash_and_marketable_securities": 70900000000.0,
      "total_debt": 29000000000.0,
      "net_cash": 41900000000.0,
      "free_cash_flow": 40509000000.0
    },
    "2025_Q1": {
      "net_income": 16644000000.0,
      "operating_income": 17555000000.0,
      "eps_basic": 6.59,
      "eps_diluted": 6.43,
      "research_and_development": 12150000000.0,
      "operating_cash_flow": 24026000000.0,
      "capital_expenditure": 12941000000.0,
      "cash_and_marketable_securities": 70230000000.0,
      "free_cash_flow": 11085000000.0
    },
    "2025_Q2": {
      "net_income": 18337000000.0,
      "operating_income": 20441000000.0,
      "eps_basic": 7.28,
      "eps_diluted": 7.14,
      "research_and_development": 12942000000.0,
      "operating_cash_flow": 49587000000.0,
      "capital_expenditure": 29479000000.0,
      "cash_and_marketable_securities": 47071000000.0,
      "free_cash_flow": 20108000000.0
    },
    "2025_Q3": {
      "net_income": 2709000000.0,
      "operating_income": 20535000000.0,
      "eps_basic": 1.08,
      "eps_diluted": 1.05,
      "research_and_development": 15144000000.0,
      "operating_cash_flow": 79586000000.0,
      "capital_expenditure": 48308000000.0,
      "cash_and_marketable_securities": 44448000000.0,
      "free_cash_flow": 31278000000.0
    },
    "2018_Q4": {
      "net_income": 6881000000.0,
      "operating_income": 7820000000.0,
      "eps_basic": 2.3900000000000006,
      "eps_diluted": 2.380000000000001,
      "research_and_development": 2855000000.0,
      "operating_cash_flow": -14400000000.0,
      "capital_expenditure": 4783000000.0,
      "free_cash_flow": -19183000000.0
    },
    "2019_Q4": {
      "net_income": 7349000000.0,
      "operating_income": 8858000000.0,
      "eps_basic": 2.5800000000000005,
      "eps_diluted": 2.55,
      "research_and_development": 3877000000.0,
      "operating_cash_flow": -18149000000.0,
      "capital_expenditure": 7207000000.0,
      "free_cash_flow": -25356000000.0
    },
    "2020_Q4": {
      "net_income": 11220000000.0,
      "operating_income": 12775000000.0,
      "eps_basic": 3.9300000000000006,
      "eps_diluted": 3.87,
      "research_and_development": 5207000000.0,
      "operating_cash_flow": -11839000000.0,
      "capital_expenditure": 5758000000.0,
      "free_cash_flow": -17597000000.0
    },
    "2021_Q4": {
      "net_income": 10285000000.0,
      "operating_income": 12585000000.0,
      "eps_basic": 3.710000000000001,
      "eps_diluted": 3.639999999999999,
      "research_and_development": 7046000000.0,
      "operating_cash_flow": -19627000000.0,
      "capital_expenditure": 7787000000.0,
      "free_cash_flow": -27414000000.0
    },
    "2022_Q4": {
      "net_income": 4653000000.0,
      "operating_income": 6398000000.0,
      "eps_basic": 1.7800000000000002,
      "eps_diluted": 1.7700000000000005,
      "research_and_development": 9771000000.0,
      "operating_cash_flow": -25837000000.0,
      "capital_expenditure": 9411000000.0,
      "free_cash_flow": -35248000000.0
    },
    "2023_Q4": {
      "net_income": 14018000000.0,
      "operating_income": 16384000000.0,
      "eps_basic": 5.449999999999999,
      "eps_diluted": 5.299999999999999,
      "research_and_development": 10517000000.0,
      "operating_cash_flow": -25901000000.0,
      "capital_expenditure": 12235000000.0,
      "free_cash_flow": -38136000000.0
    },
    "2024_Q4": {
      "net_income": 20838000000.0,
      "operating_income": 23365000000.0,
      "eps_basic": 8.239999999999998,
      "eps_diluted": 7.959999999999997,
      "research_and_development": 12181000000.0,
      "operating_cash_flow": -29874000000.0,
      "capital_expenditure": 6548000000.0,
      "free_cash_flow": -36422000000.0
    },
    "2025_Q4": {
      "net_income": 22768000000.0,
      "operating_income": 24745000000.0,
      "eps_basic": 9.03,
      "eps_diluted": 8.869999999999997,
      "research_and_development": 17136000000.0,
      "operating_cash_flow": -37399000000.0,
      "capital_expenditure": 21037000000.0,
      "free_cash_flow": -58436000000.0
    }
  }
}